@article{poley2000latex,
  title={Latex allergy},
  author={Poley Jr, Gerald E and Slater, Jay E},
  journal={Journal of allergy and clinical immunology},
  volume={105},
  number={6},
  pages={1054--1062},
  year={2000},
  publisher={Elsevier}
}

@article{example2023,
  author = {Author Name},
  title = {Title of the Article},
  journal = {Journal Name},
  year = {2023},
  volume = {10},
  number = {2},
  pages = {123-456},
  doi = {10.1234/example.doi}
}

@book{knuth1997art,
  title={The art of computer programming},
  author={Knuth, Donald Ervin},
  volume={3},
  year={1997},
  publisher={Pearson Education}
}
@article{samon2015liberese,
  title={Lib{\'e}rese de Word, es hora de Latex.},
  author={Samon, Pedro Rodr{\'\i}guez},
  journal={Serie Cient{\'\i}fica de la Universidad de las Ciencias Inform{\'a}ticas},
  volume={8},
  number={3},
  pages={1--7},
  year={2015},
  publisher={Ediciones Futuro}
}
@article{rivera2023inteligencias,
  title={Inteligencias artificiales generativas},
  author={Rivera Berr{\'\i}o, Juan Guillermo},
  journal={iCartesiLibri},
  year={2023},
  publisher={Instituto de Matem{\'a}ticas, UNAM}
}
@phdthesis{lopez2024generacion,
  title={Generaci{\'o}n Autom{\'a}tica de un Borrador de Estado del Arte a partir de una colecci{\'o}n de documentos cient{\'\i}ficos},
  author={L{\'o}pez, Javier Alejandro Oramas},
  year={2024},
  school={Universidad de La Habana}
}
@article{blei2003latent,
  title={Latent dirichlet allocation},
  author={Blei, David M and Ng, Andrew Y and Jordan, Michael I},
  journal={Journal of machine Learning research},
  volume={3},
  number={Jan},
  pages={993--1022},
  year={2003}
}
@article{sia2020tired,
  title={Tired of topic models? clusters of pretrained word embeddings make for fast and good topics too!},
  author={Sia, Suzanna and Dalmia, Ayush and Mielke, Sabrina J},
  journal={arXiv preprint arXiv:2004.14914},
  year={2020}
}
@article{vaswani2017attention,
  title={Attention is all you need},
  author={Vaswani, Ashish and Shazeer, Noam and Parmar, Niki and Uszkoreit, Jakob and Jones, Llion and Gomez, Aidan N and Kaiser, {\L}ukasz and Polosukhin, Illia},
  journal={Advances in neural information processing systems},
  volume={30},
  year={2017}
}
@article{touvron2023llama,
  title={Llama 2: Open foundation and fine-tuned chat models},
  author={Touvron, Hugo and Martin, Louis and Stone, Kevin and Albert, Peter and Almahairi, Amjad and Babaei, Yasmine and Bashlykov, Nikolay and Batra, Soumya and Bhargava, Prajjwal and Bhosale, Shruti and others},
  journal={arXiv preprint arXiv:2307.09288},
  year={2023}
}
@article{achiam2023gpt,
  title={Gpt-4 technical report},
  author={Achiam, Josh and Adler, Steven and Agarwal, Sandhini and Ahmad, Lama and Akkaya, Ilge and Aleman, Florencia Leoni and Almeida, Diogo and Altenschmidt, Janko and Altman, Sam and Anadkat, Shyamal and others},
  journal={arXiv preprint arXiv:2303.08774},
  year={2023}
}
@article{grootendorst2022bertopic,
  title={BERTopic: Neural topic modeling with a class-based TF-IDF procedure},
  author={Grootendorst, Maarten},
  journal={arXiv preprint arXiv:2203.05794},
  year={2022}
}
@article{angelov2020top2vec,
  title={Top2vec: Distributed representations of topics},
  author={Angelov, Dimo},
  journal={arXiv preprint arXiv:2008.09470},
  year={2020}
}
@inproceedings{devlin2019bert,
  title={Bert: Pre-training of deep bidirectional transformers for language understanding},
  author={Devlin, Jacob and Chang, Ming-Wei and Lee, Kenton and Toutanova, Kristina},
  booktitle={Proceedings of the 2019 conference of the North American chapter of the association for computational linguistics: human language technologies, volume 1 (long and short papers)},
  pages={4171--4186},
  year={2019}
}
@phdthesis{lopez2024generacion,
  title={Generaci{\'o}n Autom{\'a}tica de un Borrador de Estado del Arte a partir de una colecci{\'o}n de documentos cient{\'\i}ficos},
  author={L{\'o}pez, Javier Alejandro Oramas},
  year={2024},
  school={Universidad de La Habana}
}